@article{chandola2009anomaly,
  title={Anomaly detection: A survey},
  author={Chandola, Varun and Banerjee, Arindam and Kumar, Vipin},
  journal={ACM computing surveys (CSUR)},
  volume={41},
  number={3},
  pages={1--58},
  year={2009},
  publisher={ACM New York, NY, USA}
}

@article{bronstein2017geometric,
  title={Geometric deep learning: going beyond euclidean data},
  author={Bronstein, Michael M and Bruna, Joan and LeCun, Yann and Szlam, Arthur and Vandergheynst, Pierre},
  journal={IEEE Signal Processing Magazine},
  volume={34},
  number={4},
  pages={18--42},
  year={2017},
  publisher={IEEE}
}

@article{cao2020comprehensive,
  title={A comprehensive survey on geometric deep learning},
  author={Cao, Wenming and Yan, Zhiyue and He, Zhiquan and He, Zhihai},
  journal={IEEE Access},
  volume={8},
  pages={35929--35949},
  year={2020},
  publisher={IEEE}
}

@article{shuman2013emerging,
  title={The emerging field of signal processing on graphs: Extending high-dimensional data analysis to networks and other irregular domains},
  author={Shuman, David I and Narang, Sunil K and Frossard, Pascal and Ortega, Antonio and Vandergheynst, Pierre},
  journal={IEEE signal processing magazine},
  volume={30},
  number={3},
  pages={83--98},
  year={2013},
  publisher={IEEE}
}

@article{xia2021graph,
  title={Graph learning: A survey},
  author={Xia, Feng and Sun, Ke and Yu, Shuo and Aziz, Abdul and Wan, Liangtian and Pan, Shirui and Liu, Huan},
  journal={IEEE Transactions on Artificial Intelligence},
  volume={2},
  number={2},
  pages={109--127},
  year={2021},
  publisher={IEEE}
}

@inproceedings{monti2017geometric,
  title={Geometric deep learning on graphs and manifolds using mixture model cnns},
  author={Monti, Federico and Boscaini, Davide and Masci, Jonathan and Rodola, Emanuele and Svoboda, Jan and Bronstein, Michael M},
  booktitle={Proceedings of the IEEE conference on computer vision and pattern recognition},
  pages={5115--5124},
  year={2017}
}

@article{ng2001spectral,
  title={On spectral clustering: Analysis and an algorithm},
  author={Ng, Andrew and Jordan, Michael and Weiss, Yair},
  journal={Advances in neural information processing systems},
  volume={14},
  year={2001}
}

@article{kipf2016semi,
  title={Semi-supervised classification with graph convolutional networks},
  author={Kipf, Thomas N and Welling, Max},
  journal={arXiv preprint arXiv:1609.02907},
  year={2016}
}

@article{henaff2015deep,
  title={Deep convolutional networks on graph-structured data},
  author={Henaff, Mikael and Bruna, Joan and LeCun, Yann},
  journal={arXiv preprint arXiv:1506.05163},
  year={2015}
}

@inproceedings{ktena2017distance,
  title={Distance metric learning using graph convolutional networks: Application to functional brain networks},
  author={Ktena, Sofia Ira and Parisot, Sarah and Ferrante, Enzo and Rajchl, Martin and Lee, Matthew and Glocker, Ben and Rueckert, Daniel},
  booktitle={International Conference on Medical Image Computing and Computer-Assisted Intervention},
  pages={469--477},
  year={2017},
  organization={Springer}
}

@article{von2007tutorial,
  title={A tutorial on spectral clustering},
  author={Von Luxburg, Ulrike},
  journal={Statistics and computing},
  volume={17},
  number={4},
  pages={395--416},
  year={2007},
  publisher={Springer}
}


@article{johnstone2005ebayesthresh,
  title={EbayesThresh: R programs for empirical Bayes thresholding},
  author={Johnstone, Iain and Silverman, Bernard W},
  journal={Journal of Statistical Software},
  volume={12},
  pages={1--38},
  year={2005}
}

@article{johnstone2004needles,
  title={Needles and straw in haystacks: Empirical Bayes estimates of possibly sparse sequences},
  author={Johnstone, Iain M and Silverman, Bernard W},
  journal={The Annals of Statistics},
  volume={32},
  number={4},
  pages={1594--1649},
  year={2004},
  publisher={Institute of Mathematical Statistics}
}

@article{wei2013time,
  title={Time series analysis},
  author={Wei, William WS},
  year={2013}
}

@book{shumway2000time,
  title={Time series analysis and its applications},
  author={Shumway, Robert H and Stoffer, David S and Stoffer, David S},
  volume={3},
  year={2000},
  publisher={Springer}
}

@book{djuric2018cooperative,
  title={Cooperative and graph signal processing: principles and applications},
  author={Djuric, Petar and Richard, C{\'e}dric},
  year={2018},
  publisher={Academic Press}
}

@article{defferrard2016convolutional,
  title={Convolutional neural networks on graphs with fast localized spectral filtering},
  author={Defferrard, Micha{\"e}l and Bresson, Xavier and Vandergheynst, Pierre},
  journal={Advances in neural information processing systems},
  volume={29},
  year={2016}
}

@misc{url1,
  title = {What makes Outlier Detection tough?},
  howpublished = {\url{https://medium.com/@athi.9307/what-makes-outlier-detection-tough-396df3442e39}},
  note = {Accessed: 2022-08-31}
}

@misc{url2,
  title = {An Introduction to Outlier Detection Methods using Python},
  howpublished = {\url{https://medium.com/subex-ai-labs/an-introduction-to-outlier-detection-methods-using-python-f2013824a7b7}},
  note = {Accessed: 2022-08-31}
}

@misc{url3,
  title = {Introduction to Anomaly Detection},
  howpublished = {\url{https://www.datasciencecentral.com/introduction-to-anomaly-detection/}},
  note = {Accessed: 2022-08-31}
}
